<collection xmlns="http://www.loc.gov/MARC21/slim">
<record>
  <leader>00795na 0a22001691i 450 </leader>
  <controlfield tag="001">IT\ICCU\CNCE\078977</controlfield>
  <controlfield tag="005">20170316000000.0</controlfield>
  <datafield tag="100" ind1=" " ind2=" ">
    <subfield code="a">20150630             0itac0103    ba</subfield>
  </datafield>
  <datafield tag="101" ind1=" " ind2=" ">
    <subfield code="a">LAT</subfield>
  </datafield>
  <datafield tag="200" ind1="1" ind2=" ">
    <subfield code="a">Copiosissimum repertorium ad lecturam primi \-secundi et tertii! libri sacrarum constitutionum regnorum utriusque Sicilie ...</subfield>
  </datafield>
  <datafield tag="700" ind1=" " ind2="1">
    <subfield code="a">D&apos;Afflitto,</subfield>
    <subfield code="b">Matteo</subfield>
    <subfield code="3">IT\ICCU\CNCA\004547</subfield>
  </datafield>
  <datafield tag="790" ind1=" " ind2="1">
    <subfield code="a">Afflitto,</subfield>
    <subfield code="b">Matteo</subfield>
    <subfield code="3">IT\ICCU\CNCA\007545</subfield>
    <subfield code="z">D&apos;Afflitto, Matteo</subfield>
  </datafield>
  <datafield tag="790" ind1=" " ind2="1">
    <subfield code="a">Afflitti,</subfield>
    <subfield code="b">Matteo : degli</subfield>
    <subfield code="3">IT\ICCU\CNCA\015195</subfield>
    <subfield code="z">D&apos;Afflitto, Matteo</subfield>
  </datafield>
  <datafield tag="790" ind1=" " ind2="1">
    <subfield code="a">Afflictis,</subfield>
    <subfield code="b">Matthaeus : de</subfield>
    <subfield code="3">IT\ICCU\CNCA\018384</subfield>
    <subfield code="z">D&apos;Afflitto, Matteo</subfield>
  </datafield>
  <datafield tag="790" ind1=" " ind2="1">
    <subfield code="a">Afflitto,</subfield>
    <subfield code="b">Matteo d&apos;</subfield>
    <subfield code="3">IT\ICCU\CNCA\023081</subfield>
    <subfield code="z">D&apos;Afflitto, Matteo</subfield>
  </datafield>
  <datafield tag="790" ind1=" " ind2="1">
    <subfield code="a">De_Afflictis,</subfield>
    <subfield code="b">Mattheus</subfield>
    <subfield code="3">IT\ICCU\CNCA\023082</subfield>
    <subfield code="z">D&apos;Afflitto, Matteo</subfield>
  </datafield>
  <datafield tag="801" ind1=" " ind2="3">
    <subfield code="a">IT</subfield>
    <subfield code="b">ICCU</subfield>
    <subfield code="c">20201115</subfield>
  </datafield>
</record>
</collection>
